@Manual{IMP,
    author = "{Richard Růžička, Josef Strnadel, Michal Bidlo}",
    title = "{\it Mikroprocesorové a vestavěné systémy}",
    year = {2020},
    url = {https://wis.fit.vutbr.cz/FIT/st/cfs.php.cs?file=%2Fcourse%2FIMP-IT%2Flectures&cid=13997},
    note="[ONLINE]"
}
@Website{VUT,
    title = "{Fakulta informačních technologií - Vysokého učení technického v Brně}",
    howpublished = {\href{http://www.fit.vutbr.cz/}{www.fit.vutbr.cz}},
}
@Thesis{DENK,
  title={Samočinné testování mikrokontrolerů},
  author={Filip Denk},
  address={Brno},
  school={Vysoké učení technické v Brně, Fakulta informačních technologií},
  year={2019},
}

@misc{scheme,
    author = "{Fakulta informačních technologií - Vysokého učení technického v Brně}",
    title  = "{\it Schéma obvodového zapojení výukového kitu Minerva}"
}